<?xml version="1.0" encoding="UTF-8"?><collection xmlns="http://www.loc.gov/MARC21/slim"><record><leader>00454nam--2200181-i-4500</leader><controlfield tag="001">000021949</controlfield><controlfield tag="002">20161230</controlfield><controlfield tag="005">20161230201034</controlfield><controlfield tag="008">060222s1000------------r-----000-0-rus-d</controlfield><datafield ind1=" " ind2=" " tag="040"><subfield code="a">IDIN-HH</subfield></datafield><datafield ind1=" " ind2=" " tag="041"><subfield code="a">rus</subfield></datafield><datafield ind1=" " ind2=" " tag="080"><subfield code="a">536.75</subfield></datafield><datafield ind1="1" ind2=" " tag="100"><subfield code="a">Tolpigo, K.B</subfield></datafield><datafield ind1="1" ind2="0" tag="245"><subfield code="a">Termodinamika i statitsticeskaia fizika</subfield><subfield code="c">K.b. tolpigo</subfield></datafield><datafield ind1=" " ind2=" " tag="260"><subfield code="a">Kiev</subfield><subfield code="b">Kievskogo Universiteta</subfield><subfield code="c">1966</subfield></datafield><datafield ind1=" " ind2=" " tag="300"><subfield code="a">364P</subfield></datafield><datafield ind1=" " ind2=" " tag="852"><subfield code="a">24265</subfield><subfield code="c">536.7</subfield></datafield><datafield ind1=" " ind2=" " tag="CAT"><subfield code="a">Sys</subfield><subfield code="c">20110517</subfield><subfield code="h">103740</subfield></datafield></record></collection>